@inproceedings{Ponz2017a,
	Author = {Luca Ponzanelli and Simone Scalabrino and Gabriele Bavota and Andrea Mocci and Massimiliano Di Penta and Rocco Oliveto and Michele Lanza},
	Title = {Supporting Software Developers with a Holistic Recommender System},
	Booktitle = {Proceedings of ICSE 2017 (39th ACM/IEEE International Conference on Software Engineering)},
	Publisher = {to be published},
	Year = {2017}}


@article{Erkan:2004:LGL:1622487.1622501,
 author = {Erkan, G\"{u}nes and Radev, Dragomir R.},
 title = {LexRank: Graph-based Lexical Centrality As Salience in Text Summarization},
 journal = {J. Artif. Int. Res.},
 issue_date = {July 2004},
 volume = {22},
 number = {1},
 month = dec,
 year = {2004},
 issn = {1076-9757},
 pages = {457--479},
 numpages = {23},
 url = {http://dl.acm.org/citation.cfm?id=1622487.1622501},
 acmid = {1622501},
 publisher = {AI Access Foundation},
 address = {USA},
} 


@techreport{ilprints422,
          number = {1999-66},
           month = {November},
          author = {Lawrence Page and Sergey Brin and Rajeev Motwani and Terry Winograd},
            note = {Previous number = SIDL-WP-1999-0120},
           title = {The PageRank Citation Ranking: Bringing Order to the Web.},
            type = {Technical Report},
       publisher = {Stanford InfoLab},
            year = {1999},
     institution = {Stanford InfoLab},
             url = {http://ilpubs.stanford.edu:8090/422/},
        abstract = {The importance of a Web page is an inherently subjective matter, which depends on the readers interests, knowledge and attitudes. But there is still much that can be said objectively about the relative importance of Web pages. This paper describes PageRank, a mathod for rating Web pages objectively and mechanically, effectively measuring the human interest and attention devoted to them. We compare PageRank to an idealized random Web surfer. We show how to efficiently compute PageRank for large numbers of pages. And, we show how to apply PageRank to search and to user navigation.}
}

@inproceedings{Stutz:2010:SGA:1940281.1940330,
 author = {Stutz, Philip and Bernstein, Abraham and Cohen, William},
 title = {Signal/Collect: Graph Algorithms for the (Semantic) Web},
 booktitle = {Proceedings of the 9th International Semantic Web Conference on The Semantic Web - Volume Part I},
 series = {ISWC'10},
 year = {2010},
 isbn = {3-642-17745-X, 978-3-642-17745-3},
 location = {Shanghai, China},
 pages = {764--780},
 numpages = {17},
 url = {http://dl.acm.org/citation.cfm?id=1940281.1940330},
 acmid = {1940330},
 publisher = {Springer-Verlag},
 address = {Berlin, Heidelberg},
} 


@inproceedings{Ponz2015b,
  Author = {Luca Ponzanelli and Andrea Mocci and Michele Lanza},
  Title = {Summarizing Complex Development Artifacts by Mining Heterogenous Data},
  Booktitle = {Proceedings of MSR 2015 (12th Working Conference on Mining Software Repositories)},
  Pages = {401-405},
  Publisher = {ACM Press},
  Year = {2015}}

@phdthesis{Ponz2017b,
	Author = {Luca Ponzanelli},
	Title = {Holistic Recommender Systems for Software Engineering},
	School = {Universit{\`a} della Svizzera italiana},
	Year = {2017},
	Month = {3}
}

@inproceedings{Ponz2015a,
	Author = {Luca Ponzanelli and Andrea Mocci and Michele Lanza},
	Title = {StORMeD: Stack Overflow Ready Made Data},
	Booktitle = {Proceedings of MSR 2015 (12th Working Conference on Mining Software Repositories)},
	Pages = {474-477},
	Publisher = {ACM Press},
	Year = {2015}}